<collection xmlns="http://www.loc.gov/MARC21/slim">
<record>
  <leader>00733nam0a22001811i 450 </leader>
  <controlfield tag="001">IT\ICCU\CNCE\070128</controlfield>
  <controlfield tag="005">20070418000000.0</controlfield>
  <datafield tag="100" ind1=" " ind2=" ">
    <subfield code="a">20070329d1513        0itac0103    ba</subfield>
  </datafield>
  <datafield tag="101" ind1=" " ind2=" ">
    <subfield code="a">ITA</subfield>
  </datafield>
  <datafield tag="102" ind1=" " ind2=" ">
    <subfield code="a">IT</subfield>
  </datafield>
  <datafield tag="200" ind1="1" ind2=" ">
    <subfield code="a">Eglogha bellissima alla martorella intitulata Saluestra</subfield>
  </datafield>
  <datafield tag="210" ind1=" " ind2=" ">
    <subfield code="e">In Siena</subfield>
    <subfield code="g">per Symione di Niccolo</subfield>
    <subfield code="h">&amp; Giouanni di Alixandro</subfield>
    <subfield code="h">a di 9 maggio 1513</subfield>
  </datafield>
  <datafield tag="215" ind1=" " ind2=" ">
    <subfield code="a">\31! p.</subfield>
    <subfield code="d">8ʻ</subfield>
  </datafield>
  <datafield tag="620" ind1=" " ind2=" ">
    <subfield code="a">IT</subfield>
    <subfield code="d">Siena</subfield>
  </datafield>
  <datafield tag="712" ind1="0" ind2="0">
    <subfield code="a">Nardi, Simone &amp; Landi, Giovanni</subfield>
    <subfield code="3">IT\ICCU\CNCT\001197</subfield>
    <subfield code="4">650</subfield>
  </datafield>
  <datafield tag="791" ind1="0" ind2="2">
    <subfield code="a">Simione di Niccolo &amp; Giovanni di Alixandro</subfield>
    <subfield code="3">IT\ICCU\CNCT\002408</subfield>
    <subfield code="z">Nardi, Simone &amp; Landi, Giovanni</subfield>
  </datafield>
  <datafield tag="791" ind1="0" ind2="2">
    <subfield code="a">Symeone di Nicolo &amp; Giovanni di Alexandro</subfield>
    <subfield code="3">IT\ICCU\CNCT\002409</subfield>
    <subfield code="z">Nardi, Simone &amp; Landi, Giovanni</subfield>
  </datafield>
  <datafield tag="801" ind1=" " ind2="3">
    <subfield code="a">IT</subfield>
    <subfield code="b">ICCU</subfield>
    <subfield code="c">20201115</subfield>
  </datafield>
</record>
</collection>
